<?xml version="1.0" encoding="UTF-8"?><collection xmlns="http://www.loc.gov/MARC21/slim"><record><leader>00460nam--2200169-u-4500</leader><controlfield tag="001">000052023</controlfield><controlfield tag="002">20161230</controlfield><controlfield tag="005">20161230201049</controlfield><controlfield tag="008">090601s1000------------r-----000-0-eng-d</controlfield><datafield ind1=" " ind2=" " tag="040"><subfield code="a">IFIN-HH</subfield></datafield><datafield ind1=" " ind2=" " tag="080"><subfield code="a">517.927</subfield></datafield><datafield ind1="1" ind2=" " tag="100"><subfield code="a">Lepin,A.Ya. si Lepin,L.A</subfield></datafield><datafield ind1="1" ind2=" " tag="245"><subfield code="a">Kraevye Zadachi dlya Obyknovennogo Differentsialnogo Uravneniya Vtorogo Poryadka</subfield></datafield><datafield ind1=" " ind2=" " tag="260"><subfield code="a">Riga</subfield><subfield code="b">Zinatne</subfield><subfield code="c">1988</subfield></datafield><datafield ind1=" " ind2=" " tag="300"><subfield code="a">211 p</subfield></datafield><datafield ind1=" " ind2=" " tag="852"><subfield code="a">78707</subfield><subfield code="c">517.9</subfield></datafield><datafield ind1=" " ind2=" " tag="CAT"><subfield code="a">Sys</subfield><subfield code="c">20090601</subfield><subfield code="h">074823</subfield></datafield></record></collection>